<?xml version="1.0" encoding="UTF-8"?><record xmlns="http://www.loc.gov/MARC21/slim" xmlns:cinclude="http://apache.org/cocoon/include/1.0" xmlns:zs="http://www.loc.gov/zing/srw/">
  <leader>00365nz  a2200121n  4500</leader>
  <controlfield tag="001">n 2005173824</controlfield>
  <controlfield tag="003">DLC</controlfield>
  <controlfield tag="005">20050706140137.0</controlfield>
  <controlfield tag="008">050706n| acannaabn          |n aaa      </controlfield>
  <datafield tag="010" ind1=" " ind2=" ">
    <subfield code="a">n 2005173824</subfield>
  </datafield>
  <datafield tag="040" ind1=" " ind2=" ">
    <subfield code="a">DLC</subfield>
    <subfield code="b">eng</subfield>
    <subfield code="c">DLC</subfield>
  </datafield>
  <datafield tag="100" ind1="1" ind2=" ">
    <subfield code="a">Roark, Raquel</subfield>
  </datafield>
  <datafield tag="670" ind1=" " ind2=" ">
    <subfield code="a">NUCMC data from Idaho State Hist. Society for James Titmus interview, 2002 Apr. 3</subfield>
    <subfield code="b">(Raquel Roark, interviewer)</subfield>
  </datafield>
</record>